<?xml version="1.0" encoding="UTF-8"?><collection xmlns="http://www.loc.gov/MARC21/slim"><record><leader>00319nam--2200133-i-4500</leader><controlfield tag="001">000021670</controlfield><controlfield tag="002">20161230</controlfield><controlfield tag="005">20161230201034</controlfield><controlfield tag="008">060222s1000------------r-----000-0-eng-d</controlfield><datafield ind1=" " ind2=" " tag="100"><subfield code="a">Jauch, J.M</subfield></datafield><datafield ind1=" " ind2=" " tag="245"><subfield code="a">Theory of the scattering operator</subfield></datafield><datafield ind1=" " ind2=" " tag="260"><subfield code="a">/Geneve, Cern, 1958, 31p</subfield></datafield><datafield ind1=" " ind2=" " tag="490"><subfield code="a">Helv.Phys.Acta</subfield></datafield><datafield ind1=" " ind2=" " tag="852"><subfield code="a">6378</subfield></datafield></record></collection>